@inproceedings{Laaber:2018:EOS:3196398.3196407,
 author = {Laaber, Christoph and Leitner, Philipp},
 title = {An Evaluation of Open-source Software Microbenchmark Suites for Continuous Performance Assessment},
 booktitle = {Proceedings of the 15th International Conference on Mining Software Repositories},
 series = {MSR '18},
 year = {2018},
 isbn = {978-1-4503-5716-6},
 location = {Gothenburg, Sweden},
 pages = {119--130},
 numpages = {12},
 url = {http://doi.acm.org/10.1145/3196398.3196407},
 doi = {10.1145/3196398.3196407},
 acmid = {3196407},
 publisher = {ACM},
 address = {New York, NY, USA},
 keywords = {Go, Java, continuous integration, empirical study, microbenchmarking, software performance testing},
}

@misc{patashnik-bibtexing,
	author = "Oren Patashnik",
	title = "BIBTEXing",
	year = "1988" }